@misc{ udemy:eliseo,
       author = "Ivan Eliseo Tinajero Diaz",
       title = "Spring Boot 3. Aplicaciones web y REST APIs con Spring MVC --- Udemy",
       year = "2023",
       howpublished = {\url{https://www.udemy.com/course/spring-framework-desarrollo-web-spring-mvc}},
       note = "[Internet; actualizado noviembre-2023]"
}

@book{koza92,
		author    = "Koza, John R.",
		title     = "Genetic Programming: On the Programming of Computers by Means of Natural Selection",
		publisher = "MIT Press",
		year      = "1992"
}


@article{bortolot2005,
  title={Estimating forest biomass using small footprint LiDAR data: An individual tree-based approach that incorporates training data},
  author={Bortolot, Zachary J and Wynne, Randolph H},
  journal={ISPRS Journal of Photogrammetry and Remote Sensing},
  volume={59},
  number={6},
  pages={342--360},
  year={2005},
  publisher={Elsevier}
}

@article{bortolot2008,
  title={forest biomass using small footprint LiDAR data: An individual tree-based approach that incorporates training data},
  author={Bortolot, Zachary J and Wynne, Randolph H},
  journal={ISPRS Journal of Photogrammetry and Remote Sensing},
  volume={59},
  number={6},
  pages={342--360},
  year={2085},
  publisher={Elsevier}
}


