@misc{ udemy:eliseo,
       author = "Ivan Eliseo Tinajero Diaz",
       title = "Spring Boot 3. Aplicaciones web y REST APIs con Spring MVC --- Udemy",
       year = "2023",
       howpublished = {\url{https://www.udemy.com/course/spring-framework-desarrollo-web-spring-mvc}},
       note = "[Internet; actualizado noviembre-2023]"
}

@misc{web:softSkills,
       author = "Monique Danao, Kelly Main",
       title = "Forbes - SoftSkills",
       year = "2024",
       howpublished = {\url{https://www.forbes.com/advisor/in/business/soft-skills-examples/}},
       note = "[Internet; actualizado 2024]"
}

@misc{doc:dockercompose,
       title = "¿Qué es docker compose?",
       howpublished = {\url{https://docs.docker.com/compose/}},
       note = "[Internet; Accedido junio de 2024]"
}

@misc{doc:springbootdocker,
       title = "Spring Boot Docker Información",
       year = "2024",
       howpublished = {\url{https://spring.io/guides/topicals/spring-boot-docker}},
       note = "[Internet; actualizado 2024]"
}




@misc{doc:javadoc,
       title = "Introduction to Javadoc",
       year = "2024",
       howpublished = {\url{https://www.baeldung.com/javadoc}},
       note = "[Internet; actualizado 2024]"
}

@misc{web:kickoff,
       title = "Kick Off",
       year = "2024",
       howpublished = {\url{https://blog.hubspot.es/marketing/reunion-kick-off}},
       note = "[Internet; actualizado 2024]"
}

@misc{web:scrum,
       title = "Metodología Scrum",
       year = "2024",
       howpublished = {\url{https://www.atlassian.com/es/agile/scrum}},
       note = "[Internet; actualizado 2024]"
}

@misc{github:dockerImage,
       author = "Daniel Fernández Barrientos",
       title = "Imágen de docker de la aplicación RiskRealApp",
       year = "2024",
       howpublished = {\url{https://github.com/Daniel-Fernandez-UBU/riskRealUBU/pkgs/container/riskrealubu/riskrealapp/227834130?tag=latest}},
       note = "[Internet; actualizado 2024]"
}



@misc{github:repo,
       author = "Daniel Fernández Barrientos",
       title = "Repositorio riskRealUBU --- Github",
       year = "2024",
       howpublished = {\url{https://github.com/Daniel-Fernandez-UBU/riskRealUBU}},
       note = "[Internet; actualizado 2024]"
}

@misc{github:proyect,
       author = "Daniel Fernández Barrientos",
       title = "Proyecto riskRealUBU --- Github",
       year = "2024",
       howpublished = {\url{https://github.com/Daniel-Fernandez-UBU/riskRealUBU}},
       note = "[Internet; actualizado 2024]"
}


@misc{web:springCRUDrepo,
       title = "Spring Boot CRUD Repository",
       year = "2024",
       howpublished = {\url{https://docs.spring.io/spring-data/commons/docs/current/api/org/springframework/data/repository/CrudRepository.html}},
       note = "[Internet; actualizado 2024]"

}

@misc{web:springJPArepo,
       title = "Spring Boot JPA Repository",
       year = "2024",
       howpublished = {\url{https://docs.spring.io/spring-data/jpa/docs/current/api/org/springframework/data/jpa/repository/JpaRepository.html}},
       note = "[Internet; actualizado 2024]"

}

@misc{web:anotacionesJPA,
      author = "Cecilio Álvarez Caules",
       title = "Anotaciones JPA",
       year = "2023",
       howpublished = {\url{https://www.arquitecturajava.com/jpa-table-y-entity/}},
       note = "[Internet; actualizado 2023]"
}

@misc{web:dao,
      author = "Oscar Blancarte",
       title = "Patrón DAO",
       year = "2018",
       howpublished = {\url{https://www.oscarblancarteblog.com/2018/12/10/data-access-object-dao-pattern/}},
       note = "[Internet; actualizado 2018]"
}


@misc{web:springSecurity,
      author = "Jonathan Faber",
       title = "Spring Security",
       year = "2020",
       howpublished = {\url{https://adictosaltrabajo.com/2020/05/21/introduccion-a-spring-security/}},
       note = "[Internet; actualizado 2020]"
}

@misc{web:springStarters,
      author = "Baeldung, Tom Hombergs",
       title = "Spring Boot Starterst",
       year = "2024",
       howpublished = {\url{https://www.baeldung.com/spring-boot-starters}},
       note = "[Internet; actualizado 2024]"
}

@misc{web:springinitializr,
       title = "Spring Initializr",
       year = "2024",
       howpublished = {\url{https://start.spring.io/}},
       note = "[Internet; actualizado 2024]"

}

@misc{web:springboot,
       title = "Spring Boot",
       year = "2024",
       howpublished = {\url{https://spring.io/projects/spring-boot}},
       note = "[Internet; actualizado 2024]"
}

@misc{web:springbootArch,
      author = "Cecilio Álvarez Caules",
       title = "Arquitectura Spring Boot",
       year = "2023",
       howpublished = {\url{https://www.arquitecturajava.com/que-es-spring-boot/}},
       note = "[Internet; actualizado 2023]"
}

@misc{web:csrf,
       title = "CSRF Token",
       year = "2016",
       howpublished = {\url{https://stackoverflow.com/questions/5207160/what-is-a-csrf-token-what-is-its-importance-and-how-does-it-work}},
       note = "[Internet; actualizado 2016]"
}

@misc{gmail:token,
       title = "Crear token en Gmail",
       year = "2024",
       howpublished = {\url{https://soporteacc.com/hc/articles/136/crear-contrasena-de-aplicacion-para-gmail}},
       note = "[Internet; accedido 2024]"
}


@misc{doc:gitpod,
       title = "GitPod",
       year = "2024",
       howpublished = {\url{https://www.gitpod.io/}},
       note = "[Internet; actualizado 2024]"
}


@misc{web:dockerDocs,
       title = "Docker Docs",
       howpublished = {\url{https://docs.docker.com/}},
       note = "[Internet; Accedido junio de 2024]"
}

@misc{web:riskreal,
       author = "RiskReal",
       title = "Soft Skills detection",
       year = "2022",
       howpublished = {\url{https://app.riskreal.eu/}},
       note = "[Internet; actualizado 2022]"
}

@misc{web:dockercompose,
       title = "Tutorial Docker Compose",
       year = "2024",
       howpublished = {\url{https://imaginaformacion.com/tutoriales/que-es-docker-compose}},
       note = "[Internet; actualizado 2024]"
}



