
@misc{ wiki:latex,
       author = "Wikipedia",
       title = "LaTeX --- Wikipedia{,} La enciclopedia libre",
       year = "2015",
       url = "https://es.wikipedia.org/w/index.php?title=LaTeX&oldid=84209252",
       note = "[Internet; descargado 30-septiembre-2015]"
}


@misc{web:JavaJDK,
       title = "Java SE development kit 17.0.10",
       howpublished = {\url{https://www.oracle.com/java/technologies/javase/jdk17-archive-downloads.html}},
       note = "[Internet; Accedido junio de 2024]"
}

@misc{web:dockerDesktop,
       title = "Docker Desktop",
       howpublished = {\url{https://www.docker.com/products/docker-desktop/}},
       note = "[Internet; Accedido junio de 2024]"
}


@misc{web:git,
       title = "Git",
       howpublished = {\url{https://www.git-scm.com/downloads}},
       note = "[Internet; Accedido junio de 2024]"
}

@misc{github:proyect,
       author = "Daniel Fernández Barrientos",
       title = "Proyecto riskRealUBU --- Github",
       year = "2024",
       howpublished = {\url{https://github.com/Daniel-Fernandez-UBU/riskRealUBU}},
       note = "[Internet; actualizado 2024]"
}

@misc{web:springtoolssuite,
       title = "Spring Tools Suite for Eclipse",
       howpublished = {\url{https://spring.io/tools}},
       note = "[Internet; Accedido junio de 2024]"
}
@misc{web:dockercompose,
       title = "¿Qué es docker compose?",
       howpublished = {\url{https://docs.docker.com/compose/}},
       note = "[Internet; Accedido junio de 2024]"
}

@misc{web:SpringDocker,
       title = "Spring Boot Docker",
       howpublished = {\url{https://spring.io/guides/topicals/spring-boot-docker}},
       note = "[Internet; Accedido junio de 2024]"
}

@misc{web:calculadoraNomina,
       title = "Calculadora de nómina",
       howpublished = {\url{https://www.billin.net/calculadora-contratar-trabajador/}},
       note = "[Internet; Accedido junio de 2024]"
}

@misc{web:calculadoraIRPF,
       title = "Calculadora IRPF",
       howpublished = {\url{https://cincodias.elpais.com/herramientas/calculadora-irpf/}},
       note = "[Internet; Accedido junio de 2024]"
}

@misc{web:rgss,
       title = "Cotización Régimen General Seguridad Social",
       howpublished = {\url{ https://www.seg-social.es/wps/portal/wss/internet/Trabajadores/CotizacionRecaudacionTrabajadores/10721/10957/583#580}},
       note = "[Internet; Accedido junio de 2024]"
}

@misc{web:tablaAmortizacion,
       title = "Tabla de Amortización - Agencia Tributaria",
       howpublished = {\url{https://sede.agenciatributaria.gob.es/Sede/ayuda/manuales-videos-folletos/manuales-practicos/folleto-actividades-economicas/3-impuesto-sobre-renta-personas-fisicas/3_5-estimacion-directa-simplificada/3_5_4-tabla-amortizacion-simplificada.html}},
       note = "[Internet; Accedido junio de 2024]"
}

@misc{web:monitor,
       title = "Monitor - PcComponentes",
       howpublished = {\url{https://www.pccomponentes.com/dell-s-series-s2721hs-27-led-ips-fullhd-freesync}},
       note = "[Internet; Accedido junio de 2024]"
}


@misc{web:portatilDell,
       title = "Dell Inspiron 14",
       howpublished = {\url{https://www.dell.com/es-es/shop/laptops/nuevo-inspiron-14-plus/spd/inspiron-14-7440-laptop/cn74702}},
       note = "[Internet; Accedido junio de 2024]"
}


@misc{web:comboTecladoRaton,
       title = "Combo teclado y ratón - PcComponentes",
       howpublished = {\url{https://www.pccomponentes.com/logitech-mk235-combo-teclado-y-raton-inalambrico}},
       note = "[Internet; Accedido junio de 2024]"
}

@misc{licencia:gpl,
       title = "Licencia GPL-2.0",
       howpublished = {\url{https://www.gnu.org/licenses/old-licenses/gpl-2.0.html}},
       note = "[Internet; Accedido junio de 2024]"
}

@misc{licencia:mit,
       title = "Licencia MIT",
       howpublished = {\url{https://es.wikipedia.org/wiki/Licencia_MIT}},
       note = "[Internet; Accedido junio de 2024]"
}

@misc{web:requisitos,
       title = "Requisitos no funcionales",
       howpublished = {\url{https://www.gluo.mx/blog/requisitos-no-funcionales-por-que-son-importantes}},
       note = "[Internet; Accedido junio de 2024]"
}











